%% This BibTeX bibliography file was created using BibDesk.
%% http://bibdesk.sourceforge.net/


%% Created for Glen Scott at 2010-01-30 19:12:01 +0000 


%% Saved with string encoding Unicode (UTF-8) 



@article{williams-hollingsworth,
	Author = {Chadd C. Williams and Jeffrey K. Hollingsworth},
	Date-Added = {2010-01-30 18:56:53 +0000},
	Date-Modified = {2010-01-30 18:57:49 +0000},
	Journal = {IEEE TRANSACTIONS ON SOFTWARE ENGINEERING},
	Number = {6},
	Title = {Automatic Mining of Source Code Repositories to Improve Bug Finding Techniques},
	Volume = {31},
	Year = {2005},
	Bdsk-File-1 = {YnBsaXN0MDDUAQIDBAUIJidUJHRvcFgkb2JqZWN0c1gkdmVyc2lvblkkYXJjaGl2ZXLRBgdUcm9vdIABqAkKFRYXGyIjVSRudWxs0wsMDQ4RFFpOUy5vYmplY3RzV05TLmtleXNWJGNsYXNzog8QgASABqISE4ACgAOAB1lhbGlhc0RhdGFccmVsYXRpdmVQYXRo0hgNGRpXTlMuZGF0YU8RAagAAAAAAagAAgAADE1hY2ludG9zaCBIRAAAAAAAAAAAAAAAAAAAAMELfuhIKwAAAGVabg5JRUVFWHBsb3JlLnBkZgAAAAAAAAAAAAAAAAAAAAAAAAAAAAAAAAAAAAAAAAAAAAAAAAAAAAAAAAAAAAAAAAAAZceWx4oxbgAAAAAAAAAAAAEABQAACSAAAAAAAAAAAAAAAAAAAAAGdG9yZWFkABAACAAAwQtw2AAAABEACAAAx4oxbgAAAAEAGABlWm4AXaEYAA0UGgAH5OIAB+TVAABu6AACAERNYWNpbnRvc2ggSEQ6VXNlcnM6Z2xlbnNjb3R0OkRvY3VtZW50czpPVTpNODAxOnRvcmVhZDpJRUVFWHBsb3JlLnBkZgAOAB4ADgBJAEUARQBFAFgAcABsAG8AcgBlAC4AcABkAGYADwAaAAwATQBhAGMAaQBuAHQAbwBzAGgAIABIAEQAEgA3VXNlcnMvZ2xlbnNjb3R0L0RvY3VtZW50cy9PVS9NODAxL3RvcmVhZC9JRUVFWHBsb3JlLnBkZgAAEwABLwAAFQACABD//wAAgAXSHB0eH1gkY2xhc3Nlc1okY2xhc3NuYW1lox8gIV1OU011dGFibGVEYXRhVk5TRGF0YVhOU09iamVjdF8QKi4uL0RvY3VtZW50cy9PVS9NODAxL3RvcmVhZC9JRUVFWHBsb3JlLnBkZtIcHSQloiUhXE5TRGljdGlvbmFyeRIAAYagXxAPTlNLZXllZEFyY2hpdmVyAAgAEQAWAB8AKAAyADUAOgA8AEUASwBSAF0AZQBsAG8AcQBzAHYAeAB6AHwAhgCTAJgAoAJMAk4CUwJcAmcCawJ5AoACiQK2ArsCvgLLAtAAAAAAAAACAQAAAAAAAAAoAAAAAAAAAAAAAAAAAAAC4g==}}

@article{p40-huang,
	Author = {Yao-Wen Huang},
	Date-Added = {2010-01-27 21:10:05 +0000},
	Date-Modified = {2010-01-27 21:12:51 +0000},
	Journal = {International World Wide Web Conference archive Proceedings of the 13th international conference on World Wide Web},
	Title = {Securing Web Application Code by Static Analysis and Runtime Protection},
	Year = {2004},
	Bdsk-File-1 = {YnBsaXN0MDDUAQIDBAUIJidUJHRvcFgkb2JqZWN0c1gkdmVyc2lvblkkYXJjaGl2ZXLRBgdUcm9vdIABqAkKFRYXGyIjVSRudWxs0wsMDQ4RFFpOUy5vYmplY3RzV05TLmtleXNWJGNsYXNzog8QgASABqISE4ACgAOAB1lhbGlhc0RhdGFccmVsYXRpdmVQYXRo0hgNGRpXTlMuZGF0YU8RAaQAAAAAAaQAAgAADE1hY2ludG9zaCBIRAAAAAAAAAAAAAAAAAAAAMELfuhIKwAAAGVabg1wNDAtaHVhbmcucGRmAAAAAAAAAAAAAAAAAAAAAAAAAAAAAAAAAAAAAAAAAAAAAAAAAAAAAAAAAAAAAAAAAAAAZVqqx4ZcGQAAAAAAAAAAAAEABQAACSAAAAAAAAAAAAAAAAAAAAAGdG9yZWFkABAACAAAwQtw2AAAABEACAAAx4ZcGQAAAAEAGABlWm4AXaEYAA0UGgAH5OIAB+TVAABu6AACAENNYWNpbnRvc2ggSEQ6VXNlcnM6Z2xlbnNjb3R0OkRvY3VtZW50czpPVTpNODAxOnRvcmVhZDpwNDAtaHVhbmcucGRmAAAOABwADQBwADQAMAAtAGgAdQBhAG4AZwAuAHAAZABmAA8AGgAMAE0AYQBjAGkAbgB0AG8AcwBoACAASABEABIANlVzZXJzL2dsZW5zY290dC9Eb2N1bWVudHMvT1UvTTgwMS90b3JlYWQvcDQwLWh1YW5nLnBkZgATAAEvAAAVAAIAEP//AACABdIcHR4fWCRjbGFzc2VzWiRjbGFzc25hbWWjHyAhXU5TTXV0YWJsZURhdGFWTlNEYXRhWE5TT2JqZWN0XxApLi4vRG9jdW1lbnRzL09VL004MDEvdG9yZWFkL3A0MC1odWFuZy5wZGbSHB0kJaIlIVxOU0RpY3Rpb25hcnkSAAGGoF8QD05TS2V5ZWRBcmNoaXZlcgAIABEAFgAfACgAMgA1ADoAPABFAEsAUgBdAGUAbABvAHEAcwB2AHgAegB8AIYAkwCYAKACSAJKAk8CWAJjAmcCdQJ8AoUCsQK2ArkCxgLLAAAAAAAAAgEAAAAAAAAAKAAAAAAAAAAAAAAAAAAAAt0=}}

@article{fluri-gall,
	Author = {Beat Fluri and Harald C. Gall},
	Date-Added = {2009-11-16 20:40:12 +0000},
	Date-Modified = {2009-11-16 20:41:37 +0000},
	Journal = {IEEE Int. Conf. Progr. Comprehen.},
	Title = {Classifying Change Types for Qualifying Change Couplings},
	Year = {2006},
	Bdsk-File-1 = {YnBsaXN0MDDUAQIDBAUIJidUJHRvcFgkb2JqZWN0c1gkdmVyc2lvblkkYXJjaGl2ZXLRBgdUcm9vdIABqAkKFRYXGyIjVSRudWxs0wsMDQ4RFFpOUy5vYmplY3RzV05TLmtleXNWJGNsYXNzog8QgASABqISE4ACgAOAB1lhbGlhc0RhdGFccmVsYXRpdmVQYXRo0hgNGRpXTlMuZGF0YU8RAZQAAAAAAZQAAgAADE1hY2ludG9zaCBIRAAAAAAAAAAAAAAAAAAAAMELfuhIKwAAAF2hGA5nZXRQREYuanNwLnBkZgAAAAAAAAAAAAAAAAAAAAAAAAAAAAAAAAAAAAAAAAAAAAAAAAAAAAAAAAAAAAAAAAAAYp02xydpGgAAAAAAAAAAAAEABAAACSAAAAAAAAAAAAAAAAAAAAAETTgwMQAQAAgAAMELcNgAAAARAAgAAMcnaRoAAAABABQAXaEYAA0UGgAH5OIAB+TVAABu6AACAD1NYWNpbnRvc2ggSEQ6VXNlcnM6Z2xlbnNjb3R0OkRvY3VtZW50czpPVTpNODAxOmdldFBERi5qc3AucGRmAAAOAB4ADgBnAGUAdABQAEQARgAuAGoAcwBwAC4AcABkAGYADwAaAAwATQBhAGMAaQBuAHQAbwBzAGgAIABIAEQAEgAwVXNlcnMvZ2xlbnNjb3R0L0RvY3VtZW50cy9PVS9NODAxL2dldFBERi5qc3AucGRmABMAAS8AABUAAgAQ//8AAIAF0hwdHh9YJGNsYXNzZXNaJGNsYXNzbmFtZaMfICFdTlNNdXRhYmxlRGF0YVZOU0RhdGFYTlNPYmplY3RfECMuLi9Eb2N1bWVudHMvT1UvTTgwMS9nZXRQREYuanNwLnBkZtIcHSQloiUhXE5TRGljdGlvbmFyeRIAAYagXxAPTlNLZXllZEFyY2hpdmVyAAgAEQAWAB8AKAAyADUAOgA8AEUASwBSAF0AZQBsAG8AcQBzAHYAeAB6AHwAhgCTAJgAoAI4AjoCPwJIAlMCVwJlAmwCdQKbAqACowKwArUAAAAAAAACAQAAAAAAAAAoAAAAAAAAAAAAAAAAAAACxw==}}

@misc{grascomp,
	Author = {Bart Du Bois and Bart Van Rompaey},
	Date-Added = {2009-10-26 21:19:54 +0000},
	Date-Modified = {2009-10-26 21:20:26 +0000},
	Title = {FETCH Demo},
	Bdsk-File-1 = {YnBsaXN0MDDUAQIDBAUIJidUJHRvcFgkb2JqZWN0c1gkdmVyc2lvblkkYXJjaGl2ZXLRBgdUcm9vdIABqAkKFRYXGyIjVSRudWxs0wsMDQ4RFFpOUy5vYmplY3RzV05TLmtleXNWJGNsYXNzog8QgASABqISE4ACgAOAB1lhbGlhc0RhdGFccmVsYXRpdmVQYXRo0hgNGRpXTlMuZGF0YU8RAZwAAAAAAZwAAgAADE1hY2ludG9zaCBIRAAAAAAAAAAAAAAAAAAAAMELfuhIKwAAAF2hGBBpbnRyb2R1Y3Rpb24ucGRmAAAAAAAAAAAAAAAAAAAAAAAAAAAAAAAAAAAAAAAAAAAAAAAAAAAAAAAAAAAAAAAAX2FoxwvC8QAAAAAAAAAAAAEABAAACSAAAAAAAAAAAAAAAAAAAAAETTgwMQAQAAgAAMELcNgAAAARAAgAAMcLwvEAAAABABQAXaEYAA0UGgAH5OIAB+TVAABu6AACAD9NYWNpbnRvc2ggSEQ6VXNlcnM6Z2xlbnNjb3R0OkRvY3VtZW50czpPVTpNODAxOmludHJvZHVjdGlvbi5wZGYAAA4AIgAQAGkAbgB0AHIAbwBkAHUAYwB0AGkAbwBuAC4AcABkAGYADwAaAAwATQBhAGMAaQBuAHQAbwBzAGgAIABIAEQAEgAyVXNlcnMvZ2xlbnNjb3R0L0RvY3VtZW50cy9PVS9NODAxL2ludHJvZHVjdGlvbi5wZGYAEwABLwAAFQACABD//wAAgAXSHB0eH1gkY2xhc3Nlc1okY2xhc3NuYW1lox8gIV1OU011dGFibGVEYXRhVk5TRGF0YVhOU09iamVjdF8QJS4uL0RvY3VtZW50cy9PVS9NODAxL2ludHJvZHVjdGlvbi5wZGbSHB0kJaIlIVxOU0RpY3Rpb25hcnkSAAGGoF8QD05TS2V5ZWRBcmNoaXZlcgAIABEAFgAfACgAMgA1ADoAPABFAEsAUgBdAGUAbABvAHEAcwB2AHgAegB8AIYAkwCYAKACQAJCAkcCUAJbAl8CbQJ0An0CpQKqAq0CugK/AAAAAAAAAgEAAAAAAAAAKAAAAAAAAAAAAAAAAAAAAtE=}}

@article{tichelaar-et-al,
	Author = {Sander Tichelaar and St{\'e}phane Ducasse and Serge Demeyer and Oscar Nierstrasz},
	Date-Added = {2009-10-26 19:26:05 +0000},
	Date-Modified = {2009-10-26 19:27:25 +0000},
	Journal = {Proceedings of ISPSE},
	Title = {A Meta-model for Language-Independent Refactoring},
	Year = {2000},
	Bdsk-File-1 = {YnBsaXN0MDDUAQIDBAUIJidUJHRvcFgkb2JqZWN0c1gkdmVyc2lvblkkYXJjaGl2ZXLRBgdUcm9vdIABqAkKFRYXGyIjVSRudWxs0wsMDQ4RFFpOUy5vYmplY3RzV05TLmtleXNWJGNsYXNzog8QgASABqISE4ACgAOAB1lhbGlhc0RhdGFccmVsYXRpdmVQYXRo0hgNGRpXTlMuZGF0YU8RAaQAAAAAAaQAAgAADE1hY2ludG9zaCBIRAAAAAAAAAAAAAAAAAAAAMELfuhIKwAAAF2hGBIxMC4xLjEuMzIuMzAyMy5wZGYAAAAAAAAAAAAAAAAAAAAAAAAAAAAAAAAAAAAAAAAAAAAAAAAAAAAAAAAAAAAAXvvlxwUoFQAAAAAAAAAAAAEABAAACSAAAAAAAAAAAAAAAAAAAAAETTgwMQAQAAgAAMELcNgAAAARAAgAAMcFGgUAAAABABQAXaEYAA0UGgAH5OIAB+TVAABu6AACAEFNYWNpbnRvc2ggSEQ6VXNlcnM6Z2xlbnNjb3R0OkRvY3VtZW50czpPVTpNODAxOjEwLjEuMS4zMi4zMDIzLnBkZgAADgAmABIAMQAwAC4AMQAuADEALgAzADIALgAzADAAMgAzAC4AcABkAGYADwAaAAwATQBhAGMAaQBuAHQAbwBzAGgAIABIAEQAEgA0VXNlcnMvZ2xlbnNjb3R0L0RvY3VtZW50cy9PVS9NODAxLzEwLjEuMS4zMi4zMDIzLnBkZgATAAEvAAAVAAIAEP//AACABdIcHR4fWCRjbGFzc2VzWiRjbGFzc25hbWWjHyAhXU5TTXV0YWJsZURhdGFWTlNEYXRhWE5TT2JqZWN0XxAnLi4vRG9jdW1lbnRzL09VL004MDEvMTAuMS4xLjMyLjMwMjMucGRm0hwdJCWiJSFcTlNEaWN0aW9uYXJ5EgABhqBfEA9OU0tleWVkQXJjaGl2ZXIACAARABYAHwAoADIANQA6ADwARQBLAFIAXQBlAGwAbwBxAHMAdgB4AHoAfACGAJMAmACgAkgCSgJPAlgCYwJnAnUCfAKFAq8CtAK3AsQCyQAAAAAAAAIBAAAAAAAAACgAAAAAAAAAAAAAAAAAAALb}}

@url{taverna,
	Date-Added = {2009-10-26 19:22:30 +0000},
	Date-Modified = {2009-10-26 19:22:51 +0000},
	Title = {Taverna project},
	Bdsk-Url-1 = {http://taverna.sourceforge.net/}}

@article{dambros-lanza,
	Author = {Marco D'Ambros and Michele Lanza},
	Date-Added = {2009-10-26 18:51:20 +0000},
	Date-Modified = {2009-10-26 18:52:43 +0000},
	Journal = {Science of Computer Programming},
	Title = {Distributed and Collaborative Software Evolution Analysis with Churrasco},
	Year = {2008},
	Bdsk-File-1 = {YnBsaXN0MDDUAQIDBAUIJidUJHRvcFgkb2JqZWN0c1gkdmVyc2lvblkkYXJjaGl2ZXLRBgdUcm9vdIABqAkKFRYXGyIjVSRudWxs0wsMDQ4RFFpOUy5vYmplY3RzV05TLmtleXNWJGNsYXNzog8QgASABqISE4ACgAOAB1lhbGlhc0RhdGFccmVsYXRpdmVQYXRo0hgNGRpXTlMuZGF0YU8RAZAAAAAAAZAAAgAADE1hY2ludG9zaCBIRAAAAAAAAAAAAAAAAAAAAMELfuhIKwAAAF2hGA1zZGFydGljbGUucGRmAAAAAAAAAAAAAAAAAAAAAAAAAAAAAAAAAAAAAAAAAAAAAAAAAAAAAAAAAAAAAAAAAAAAX1nqxwugHwAAAAAAAAAAAAEABAAACSAAAAAAAAAAAAAAAAAAAAAETTgwMQAQAAgAAMELcNgAAAARAAgAAMcLoB8AAAABABQAXaEYAA0UGgAH5OIAB+TVAABu6AACADxNYWNpbnRvc2ggSEQ6VXNlcnM6Z2xlbnNjb3R0OkRvY3VtZW50czpPVTpNODAxOnNkYXJ0aWNsZS5wZGYADgAcAA0AcwBkAGEAcgB0AGkAYwBsAGUALgBwAGQAZgAPABoADABNAGEAYwBpAG4AdABvAHMAaAAgAEgARAASAC9Vc2Vycy9nbGVuc2NvdHQvRG9jdW1lbnRzL09VL004MDEvc2RhcnRpY2xlLnBkZgAAEwABLwAAFQACABD//wAAgAXSHB0eH1gkY2xhc3Nlc1okY2xhc3NuYW1lox8gIV1OU011dGFibGVEYXRhVk5TRGF0YVhOU09iamVjdF8QIi4uL0RvY3VtZW50cy9PVS9NODAxL3NkYXJ0aWNsZS5wZGbSHB0kJaIlIVxOU0RpY3Rpb25hcnkSAAGGoF8QD05TS2V5ZWRBcmNoaXZlcgAIABEAFgAfACgAMgA1ADoAPABFAEsAUgBdAGUAbABvAHEAcwB2AHgAegB8AIYAkwCYAKACNAI2AjsCRAJPAlMCYQJoAnEClgKbAp4CqwKwAAAAAAAAAgEAAAAAAAAAKAAAAAAAAAAAAAAAAAAAAsI=}}

@url{moose,
	Date-Added = {2009-10-26 18:47:21 +0000},
	Date-Modified = {2009-10-26 18:47:32 +0000},
	Title = {Moose},
	Bdsk-Url-1 = {http://moose.unibe.ch/}}

@url{fetch,
	Date-Added = {2009-10-26 18:43:19 +0000},
	Date-Modified = {2009-10-26 18:43:36 +0000},
	Title = {Fact Extraction Tool Chain wiki},
	Bdsk-Url-1 = {http://lore.cmi.ua.ac.be/fetchWiki/index.php/Main_Page}}

@url{crocopat,
	Date-Added = {2009-10-26 18:41:37 +0000},
	Date-Modified = {2009-10-26 18:41:58 +0000},
	Title = {CrocoPat: A Tool for Simple and Efficient Relational Programming},
	Bdsk-Url-1 = {http://www.sosy-lab.org/~dbeyer/CrocoPat/}}

@url{rigi-standard-format,
	Date-Added = {2009-10-26 18:24:12 +0000},
	Date-Modified = {2009-10-26 18:24:53 +0000},
	Title = {Rigi Standard Format},
	Bdsk-Url-1 = {http://www.rigi.csc.uvic.ca/downloads/rigi/doc/node52.html}}

@url{famix,
	Date-Added = {2009-10-26 18:22:51 +0000},
	Date-Modified = {2009-10-26 18:25:13 +0000},
	Title = {FAMIX},
	Bdsk-Url-1 = {http://moose.unibe.ch/docs/famix}}

@article{van-antwerp-madey,
	Author = {Matthew Van Antwerp and Greg Madey},
	Date-Added = {2009-10-21 19:53:33 +0100},
	Date-Modified = {2009-10-21 19:56:15 +0100},
	Journal = {Electronic Proc. of the Workshops of the 4th Int'l Conf. on Open Source Systems},
	Title = {Advances in the SourceForge Research Data Archive},
	Year = {2008},
	Bdsk-File-1 = {YnBsaXN0MDDUAQIDBAUIJidUJHRvcFgkb2JqZWN0c1gkdmVyc2lvblkkYXJjaGl2ZXLRBgdUcm9vdIABqAkKFRYXGyIjVSRudWxs0wsMDQ4RFFpOUy5vYmplY3RzV05TLmtleXNWJGNsYXNzog8QgASABqISE4ACgAOAB1lhbGlhc0RhdGFccmVsYXRpdmVQYXRo0hgNGRpXTlMuZGF0YU8RAfgAAAAAAfgAAgAADE1hY2ludG9zaCBIRAAAAAAAAAAAAAAAAAAAAMELfuhIKwAAAF2xDw9XT1BEQVNEMjAwOC5wZGYAAAAAAAAAAAAAAAAAAAAAAAAAAAAAAAAAAAAAAAAAAAAAAAAAAAAAAAAAAAAAAAAAXbESxNhQbAAAAAAAAAAAAAEABgAACSAAAAAAAAAAAAAAAAAAAAALUHJvY2VlZGluZ3MAABAACAAAwQtw2AAAABEACAAAxNhCXAAAAAEAHABdsQ8AXbEKAF2hGAANFBoAB+TiAAfk1QAAbugAAgBmTWFjaW50b3NoIEhEOlVzZXJzOmdsZW5zY290dDpEb2N1bWVudHM6T1U6TTgwMTpPU1MyMDA4d29ya3Nob3BzUHJvY2VlZGluZ3M6UHJvY2VlZGluZ3M6V09QREFTRDIwMDgucGRmAA4AIAAPAFcATwBQAEQAQQBTAEQAMgAwADAAOAAuAHAAZABmAA8AGgAMAE0AYQBjAGkAbgB0AG8AcwBoACAASABEABIAWVVzZXJzL2dsZW5zY290dC9Eb2N1bWVudHMvT1UvTTgwMS9PU1MyMDA4d29ya3Nob3BzUHJvY2VlZGluZ3MvUHJvY2VlZGluZ3MvV09QREFTRDIwMDgucGRmAAATAAEvAAAVAAIAEP//AACABdIcHR4fWCRjbGFzc2VzWiRjbGFzc25hbWWjHyAhXU5TTXV0YWJsZURhdGFWTlNEYXRhWE5TT2JqZWN0XxBMLi4vRG9jdW1lbnRzL09VL004MDEvT1NTMjAwOHdvcmtzaG9wc1Byb2NlZWRpbmdzL1Byb2NlZWRpbmdzL1dPUERBU0QyMDA4LnBkZtIcHSQloiUhXE5TRGljdGlvbmFyeRIAAYagXxAPTlNLZXllZEFyY2hpdmVyAAgAEQAWAB8AKAAyADUAOgA8AEUASwBSAF0AZQBsAG8AcQBzAHYAeAB6AHwAhgCTAJgAoAKcAp4CowKsArcCuwLJAtAC2QMoAy0DMAM9A0IAAAAAAAACAQAAAAAAAAAoAAAAAAAAAAAAAAAAAAADVA==}}

@article{kim-el-al,
	Author = {Sunghun Kim and Thomas Zimmermann and Miryung Kim and Ahmed Hassan and Audris Mockus and Tudor Girba and Martin Pinzger and E. James Whitehead, Jr. and Andreas Zeller},
	Date-Added = {2009-10-21 19:47:13 +0100},
	Date-Modified = {2009-10-21 19:49:10 +0100},
	Journal = {Proc. 3rd Intl. Workshop on Mining Software Repositories, ACM},
	Title = {TA-RE: An Exchange Language for Mining Software Repositories},
	Year = {2006},
	Bdsk-File-1 = {YnBsaXN0MDDUAQIDBAUIJidUJHRvcFgkb2JqZWN0c1gkdmVyc2lvblkkYXJjaGl2ZXLRBgdUcm9vdIABqAkKFRYXGyIjVSRudWxs0wsMDQ4RFFpOUy5vYmplY3RzV05TLmtleXNWJGNsYXNzog8QgASABqISE4ACgAOAB1lhbGlhc0RhdGFccmVsYXRpdmVQYXRo0hgNGRpXTlMuZGF0YU8RAZQAAAAAAZQAAgAADE1hY2ludG9zaCBIRAAAAAAAAAAAAAAAAAAAAMELfuhIKwAAAF2hGA5UYVJlLUZpbmFsLnBkZgAAAAAAAAAAAAAAAAAAAAAAAAAAAAAAAAAAAAAAAAAAAAAAAAAAAAAAAAAAAAAAAAAAXa/exwUVvAAAAAAAAAAAAAEABAAACSAAAAAAAAAAAAAAAAAAAAAETTgwMQAQAAgAAMELcNgAAAARAAgAAMcFB6wAAAABABQAXaEYAA0UGgAH5OIAB+TVAABu6AACAD1NYWNpbnRvc2ggSEQ6VXNlcnM6Z2xlbnNjb3R0OkRvY3VtZW50czpPVTpNODAxOlRhUmUtRmluYWwucGRmAAAOAB4ADgBUAGEAUgBlAC0ARgBpAG4AYQBsAC4AcABkAGYADwAaAAwATQBhAGMAaQBuAHQAbwBzAGgAIABIAEQAEgAwVXNlcnMvZ2xlbnNjb3R0L0RvY3VtZW50cy9PVS9NODAxL1RhUmUtRmluYWwucGRmABMAAS8AABUAAgAQ//8AAIAF0hwdHh9YJGNsYXNzZXNaJGNsYXNzbmFtZaMfICFdTlNNdXRhYmxlRGF0YVZOU0RhdGFYTlNPYmplY3RfECMuLi9Eb2N1bWVudHMvT1UvTTgwMS9UYVJlLUZpbmFsLnBkZtIcHSQloiUhXE5TRGljdGlvbmFyeRIAAYagXxAPTlNLZXllZEFyY2hpdmVyAAgAEQAWAB8AKAAyADUAOgA8AEUASwBSAF0AZQBsAG8AcQBzAHYAeAB6AHwAhgCTAJgAoAI4AjoCPwJIAlMCVwJlAmwCdQKbAqACowKwArUAAAAAAAACAQAAAAAAAAAoAAAAAAAAAAAAAAAAAAACxw==}}

@article{fernandez-ramil-et-al,
	Author = {J. Fernandez-Ramil and A. Lozano and M. Wermelinger and A. Capiluppi},
	Date-Added = {2009-10-21 19:43:02 +0100},
	Date-Modified = {2009-10-21 19:44:01 +0100},
	Title = {Empirical Studies of Open Source Evolution},
	Year = {2008},
	Bdsk-File-1 = {YnBsaXN0MDDUAQIDBAUIJidUJHRvcFgkb2JqZWN0c1gkdmVyc2lvblkkYXJjaGl2ZXLRBgdUcm9vdIABqAkKFRYXGyIjVSRudWxs0wsMDQ4RFFpOUy5vYmplY3RzV05TLmtleXNWJGNsYXNzog8QgASABqISE4ACgAOAB1lhbGlhc0RhdGFccmVsYXRpdmVQYXRo0hgNGRpXTlMuZGF0YU8RAdAAAAAAAdAAAgAADE1hY2ludG9zaCBIRAAAAAAAAAAAAAAAAAAAAMELfuhIKwAAAF2hGB1PU19ldm9sdXRpb25fYm9va19jaGFwdGVyLnBkZgAAAAAAAAAAAAAAAAAAAAAAAAAAAAAAAAAAAAAAAAAAAAAAXa/OxwUUxAAAAAAAAAAAAAEABAAACSAAAAAAAAAAAAAAAAAAAAAETTgwMQAQAAgAAMELcNgAAAARAAgAAMcFBrQAAAABABQAXaEYAA0UGgAH5OIAB+TVAABu6AACAExNYWNpbnRvc2ggSEQ6VXNlcnM6Z2xlbnNjb3R0OkRvY3VtZW50czpPVTpNODAxOk9TX2V2b2x1dGlvbl9ib29rX2NoYXB0ZXIucGRmAA4APAAdAE8AUwBfAGUAdgBvAGwAdQB0AGkAbwBuAF8AYgBvAG8AawBfAGMAaABhAHAAdABlAHIALgBwAGQAZgAPABoADABNAGEAYwBpAG4AdABvAHMAaAAgAEgARAASAD9Vc2Vycy9nbGVuc2NvdHQvRG9jdW1lbnRzL09VL004MDEvT1NfZXZvbHV0aW9uX2Jvb2tfY2hhcHRlci5wZGYAABMAAS8AABUAAgAQ//8AAIAF0hwdHh9YJGNsYXNzZXNaJGNsYXNzbmFtZaMfICFdTlNNdXRhYmxlRGF0YVZOU0RhdGFYTlNPYmplY3RfEDIuLi9Eb2N1bWVudHMvT1UvTTgwMS9PU19ldm9sdXRpb25fYm9va19jaGFwdGVyLnBkZtIcHSQloiUhXE5TRGljdGlvbmFyeRIAAYagXxAPTlNLZXllZEFyY2hpdmVyAAgAEQAWAB8AKAAyADUAOgA8AEUASwBSAF0AZQBsAG8AcQBzAHYAeAB6AHwAhgCTAJgAoAJ0AnYCewKEAo8CkwKhAqgCsQLmAusC7gL7AwAAAAAAAAACAQAAAAAAAAAoAAAAAAAAAAAAAAAAAAADEg==}}

@article{howison-wiggins-crowston,
	Author = {James Howison and Andrea Wiggins and Kevin Crowston},
	Date-Added = {2009-10-21 19:38:10 +0100},
	Date-Modified = {2009-10-21 19:41:25 +0100},
	Title = {eResearch workflows for studying free and open source software development},
	Year = {2008},
	Bdsk-File-1 = {YnBsaXN0MDDUAQIDBAUIJidUJHRvcFgkb2JqZWN0c1gkdmVyc2lvblkkYXJjaGl2ZXLRBgdUcm9vdIABqAkKFRYXGyIjVSRudWxs0wsMDQ4RFFpOUy5vYmplY3RzV05TLmtleXNWJGNsYXNzog8QgASABqISE4ACgAOAB1lhbGlhc0RhdGFccmVsYXRpdmVQYXRo0hgNGRpXTlMuZGF0YU8RAcQAAAAAAcQAAgAADE1hY2ludG9zaCBIRAAAAAAAAAAAAAAAAAAAAMELfuhIKwAAAF2hGBpIb3dpc29uVGF2ZXJuYURlbW9JRklQLnBkZgAAAAAAAAAAAAAAAAAAAAAAAAAAAAAAAAAAAAAAAAAAAAAAAAAAXa8pw+NmSAAAAAAAAAAAAAEABAAACSAAAAAAAAAAAAAAAAAAAAAETTgwMQAQAAgAAMELcNgAAAARAAgAAMPjZkgAAAABABQAXaEYAA0UGgAH5OIAB+TVAABu6AACAElNYWNpbnRvc2ggSEQ6VXNlcnM6Z2xlbnNjb3R0OkRvY3VtZW50czpPVTpNODAxOkhvd2lzb25UYXZlcm5hRGVtb0lGSVAucGRmAAAOADYAGgBIAG8AdwBpAHMAbwBuAFQAYQB2AGUAcgBuAGEARABlAG0AbwBJAEYASQBQAC4AcABkAGYADwAaAAwATQBhAGMAaQBuAHQAbwBzAGgAIABIAEQAEgA8VXNlcnMvZ2xlbnNjb3R0L0RvY3VtZW50cy9PVS9NODAxL0hvd2lzb25UYXZlcm5hRGVtb0lGSVAucGRmABMAAS8AABUAAgAQ//8AAIAF0hwdHh9YJGNsYXNzZXNaJGNsYXNzbmFtZaMfICFdTlNNdXRhYmxlRGF0YVZOU0RhdGFYTlNPYmplY3RfEC8uLi9Eb2N1bWVudHMvT1UvTTgwMS9Ib3dpc29uVGF2ZXJuYURlbW9JRklQLnBkZtIcHSQloiUhXE5TRGljdGlvbmFyeRIAAYagXxAPTlNLZXllZEFyY2hpdmVyAAgAEQAWAB8AKAAyADUAOgA8AEUASwBSAF0AZQBsAG8AcQBzAHYAeAB6AHwAhgCTAJgAoAJoAmoCbwJ4AoMChwKVApwCpQLXAtwC3wLsAvEAAAAAAAACAQAAAAAAAAAoAAAAAAAAAAAAAAAAAAADAw==}}

@article{ghezzi-gall,
	Author = {G Ghezzi and H C Hall},
	Date-Added = {2009-10-21 19:32:02 +0100},
	Date-Modified = {2009-10-21 19:35:52 +0100},
	Title = {Towards software analysis as a service},
	Year = {2008},
	Bdsk-File-1 = {YnBsaXN0MDDUAQIDBAUIJidUJHRvcFgkb2JqZWN0c1gkdmVyc2lvblkkYXJjaGl2ZXLRBgdUcm9vdIABqAkKFRYXGyIjVSRudWxs0wsMDQ4RFFpOUy5vYmplY3RzV05TLmtleXNWJGNsYXNzog8QgASABqISE4ACgAOAB1lhbGlhc0RhdGFccmVsYXRpdmVQYXRo0hgNGRpXTlMuZGF0YU8RAgoAAAAAAgoAAgAADE1hY2ludG9zaCBIRAAAAAAAAAAAAAAAAAAAAMELfuhIKwAAAF2hGB8yMDA4X1Rvd2FyZHNfU29mdHdhciM1REFENjEucGRmAAAAAAAAAAAAAAAAAAAAAAAAAAAAAAAAAAAAAAAAAAAAXa1hxwUSKAAAAAAAAAAAAAEABAAACSAAAAAAAAAAAAAAAAAAAAAETTgwMQAQAAgAAMELcNgAAAARAAgAAMcFBBgAAAABABQAXaEYAA0UGgAH5OIAB+TVAABu6AACAE5NYWNpbnRvc2ggSEQ6VXNlcnM6Z2xlbnNjb3R0OkRvY3VtZW50czpPVTpNODAxOjIwMDhfVG93YXJkc19Tb2Z0d2FyIzVEQUQ2MS5wZGYADgBiADAAMgAwADAAOABfAFQAbwB3AGEAcgBkAHMAXwBTAG8AZgB0AHcAYQByAGUAXwBBAG4AYQBsAHkAcwBpAHMAXwBhAHMAXwBhAF8AUwBlAHIAdgBpAGMAZQBWAC4AcABkAGYADwAaAAwATQBhAGMAaQBuAHQAbwBzAGgAIABIAEQAEgBSVXNlcnMvZ2xlbnNjb3R0L0RvY3VtZW50cy9PVS9NODAxLzIwMDhfVG93YXJkc19Tb2Z0d2FyZV9BbmFseXNpc19hc19hX1NlcnZpY2VWLnBkZgATAAEvAAAVAAIAEP//AACABdIcHR4fWCRjbGFzc2VzWiRjbGFzc25hbWWjHyAhXU5TTXV0YWJsZURhdGFWTlNEYXRhWE5TT2JqZWN0XxBFLi4vRG9jdW1lbnRzL09VL004MDEvMjAwOF9Ub3dhcmRzX1NvZnR3YXJlX0FuYWx5c2lzX2FzX2FfU2VydmljZVYucGRm0hwdJCWiJSFcTlNEaWN0aW9uYXJ5EgABhqBfEA9OU0tleWVkQXJjaGl2ZXIACAARABYAHwAoADIANQA6ADwARQBLAFIAXQBlAGwAbwBxAHMAdgB4AHoAfACGAJMAmACgAq4CsAK1Ar4CyQLNAtsC4gLrAzMDOAM7A0gDTQAAAAAAAAIBAAAAAAAAACgAAAAAAAAAAAAAAAAAAANf}}

@article{dubois-et-al,
	Author = {Bart Du Bois and Bart Van Rompaey and Karel Meijfroidt and Eric Suijs},
	Date-Added = {2009-10-20 21:51:23 +0100},
	Date-Modified = {2009-10-21 19:36:16 +0100},
	Journal = {Electronic Communications of the EASST},
	Pages = {15},
	Title = {Supporting Reengineering Scenarios with FETCH: an Experience Report},
	Volume = {8},
	Year = {2007},
	Bdsk-File-1 = {YnBsaXN0MDDUAQIDBAUIJidUJHRvcFgkb2JqZWN0c1gkdmVyc2lvblkkYXJjaGl2ZXLRBgdUcm9vdIABqAkKFRYXGyIjVSRudWxs0wsMDQ4RFFpOUy5vYmplY3RzV05TLmtleXNWJGNsYXNzog8QgASABqISE4ACgAOAB1lhbGlhc0RhdGFccmVsYXRpdmVQYXRo0hgNGRpXTlMuZGF0YU8RAZwAAAAAAZwAAgAADE1hY2ludG9zaCBIRAAAAAAAAAAAAAAAAAAAAMELfuhIKwAAAF2hGBAxMTYtMzQ5LTEtUEIucGRmAAAAAAAAAAAAAAAAAAAAAAAAAAAAAAAAAAAAAAAAAAAAAAAAAAAAAAAAAAAAAAAAXakKxwPhkgAAAAAAAAAAAAEABAAACSAAAAAAAAAAAAAAAAAAAAAETTgwMQAQAAgAAMELcNgAAAARAAgAAMcD04IAAAABABQAXaEYAA0UGgAH5OIAB+TVAABu6AACAD9NYWNpbnRvc2ggSEQ6VXNlcnM6Z2xlbnNjb3R0OkRvY3VtZW50czpPVTpNODAxOjExNi0zNDktMS1QQi5wZGYAAA4AIgAQADEAMQA2AC0AMwA0ADkALQAxAC0AUABCAC4AcABkAGYADwAaAAwATQBhAGMAaQBuAHQAbwBzAGgAIABIAEQAEgAyVXNlcnMvZ2xlbnNjb3R0L0RvY3VtZW50cy9PVS9NODAxLzExNi0zNDktMS1QQi5wZGYAEwABLwAAFQACABD//wAAgAXSHB0eH1gkY2xhc3Nlc1okY2xhc3NuYW1lox8gIV1OU011dGFibGVEYXRhVk5TRGF0YVhOU09iamVjdF8QJS4uL0RvY3VtZW50cy9PVS9NODAxLzExNi0zNDktMS1QQi5wZGbSHB0kJaIlIVxOU0RpY3Rpb25hcnkSAAGGoF8QD05TS2V5ZWRBcmNoaXZlcgAIABEAFgAfACgAMgA1ADoAPABFAEsAUgBdAGUAbABvAHEAcwB2AHgAegB8AIYAkwCYAKACQAJCAkcCUAJbAl8CbQJ0An0CpQKqAq0CugK/AAAAAAAAAgEAAAAAAAAAKAAAAAAAAAAAAAAAAAAAAtE=}}
